<record><leader>01410cam a2200373 i 4500</leader><controlfield tag="001">6765989</controlfield><controlfield tag="003">OCoLC</controlfield><controlfield tag="005">20141210114854.0</controlfield><controlfield tag="008">140829t20152015enkabf   b    001 0 eng d</controlfield><datafield ind1=" " ind2=" " tag="015"><subfield code="a">GBB499394</subfield><subfield code="2">bnb</subfield></datafield><datafield ind1=" " ind2=" " tag="020"><subfield code="a">9780719096266 (hardback)</subfield></datafield><datafield ind1=" " ind2=" " tag="020"><subfield code="a">071909626X (hardback)</subfield></datafield><datafield ind1=" " ind2=" " tag="020"><subfield code="a">9780719096273 (paperback)</subfield></datafield><datafield ind1=" " ind2=" " tag="020"><subfield code="a">0719096278 (paperback)</subfield></datafield><datafield ind1=" " ind2=" " tag="035"><subfield code="a">ocn897028411</subfield></datafield><datafield ind1=" " ind2=" " tag="040"><subfield code="a">NLE</subfield><subfield code="b">eng</subfield><subfield code="e">rda</subfield><subfield code="c">NLE</subfield><subfield code="d">YDXCP</subfield><subfield code="d">OCLCO</subfield><subfield code="d">LTSCA</subfield><subfield code="d">UAB</subfield></datafield><datafield ind1=" " ind2=" " tag="043"><subfield code="a">e-uk---</subfield></datafield><datafield ind1=" " ind2="4" tag="050"><subfield code="a">LC6581.G73</subfield><subfield code="b">O64 2015</subfield></datafield><datafield ind1="0" ind2="4" tag="082"><subfield code="a">378.1/750941</subfield><subfield code="2">23</subfield></datafield><datafield ind1=" " ind2=" " tag="090"><subfield code="a">LC 6581 G73 O64 2015</subfield><subfield code="b">AEU</subfield></datafield><datafield ind1="1" ind2=" " tag="100"><subfield code="a">Weinbren, Daniel,</subfield><subfield code="e">author.</subfield></datafield><datafield ind1="1" ind2="4" tag="245"><subfield code="a">The Open University :</subfield><subfield code="b">a history /</subfield><subfield code="c">Daniel Weinbren.</subfield></datafield><datafield ind1=" " ind2="1" tag="264"><subfield code="a">Manchester, UK :</subfield><subfield code="b">Manchester University Press, in association with The Open University,</subfield><subfield code="c">2015.</subfield></datafield><datafield ind1=" " ind2="4" tag="264"><subfield code="c">&#169;2015</subfield></datafield><datafield ind1=" " ind2=" " tag="300"><subfield code="a">xvii, 387 pages, 16 unnumbered pages of plates :</subfield><subfield code="b">illustrations (some color), maps (some color) ;</subfield><subfield code="c">24 cm</subfield></datafield><datafield ind1=" " ind2=" " tag="336"><subfield code="a">text</subfield><subfield code="2">rdacontent</subfield></datafield><datafield ind1=" " ind2=" " tag="336"><subfield code="a">still image</subfield><subfield code="2">rdacontent</subfield></datafield><datafield ind1=" " ind2=" " tag="337"><subfield code="a">unmediated</subfield><subfield code="2">rdamedia</subfield></datafield><datafield ind1=" " ind2=" " tag="338"><subfield code="a">volume</subfield><subfield code="2">rdacarrier</subfield></datafield><datafield ind1=" " ind2=" " tag="504"><subfield code="a">Includes bibliographical references (pages 275-276) and index.</subfield></datafield><datafield ind1=" " ind2=" " tag="596"><subfield code="a">41</subfield></datafield><datafield ind1="2" ind2="0" tag="610"><subfield code="a">Open University</subfield><subfield code="x">History.</subfield></datafield><datafield ind1=" " ind2=" " tag="949"><subfield code="a">LC 6581 G73 O64 2015</subfield><subfield code="c">1</subfield><subfield code="h">UAED-B</subfield><subfield code="i">0162035208634</subfield></datafield><datafield ind1=" " ind2=" " tag="926"><subfield code="a">LC 6581 G73 O64 2015</subfield><subfield code="w">LC</subfield><subfield code="c">1</subfield><subfield code="i">0162035208634</subfield><subfield code="d">3/20/2015</subfield><subfield code="e">1/23/2015</subfield><subfield code="l">FLOOR_2</subfield><subfield code="m">UAEDUC</subfield><subfield code="n">1</subfield><subfield code="p">$150.00</subfield><subfield code="r">Y</subfield><subfield code="s">Y</subfield><subfield code="t">BOOK</subfield><subfield code="u">1/6/2015</subfield></datafield></record>